@article{bib:Hot29,
    author = {Hotelling, Harold},
    journal = {The Economic Journal},
    keywords = {competition, economics, hotelling, location, marketing, product\_differentiation, spatial\_economics},
    number = {153},
    pages = {41--57},
    posted-at = {2006-08-18 12:44:20},
    priority = {0},
    title = {{Stability in Competition}},
    url = {http://www.jstor.org/stable/2224214},
    volume = {39},
    year = {1929}
}